@book{programming.rust.2021,
  author    = {Jim Blandy and Jason Orendorff and Leonora F. S. Tindall},
  title     = {Programming Rust},
  year      = {2021},
  subtitle  = {Fast, Safe Systems Development},
  edition   = {2},
  publisher = {O'Reilly Media, Inc.},
  isbn      = {978-1-492-05259-3},
  pagetotal = {738}
}

@book{rpl.2019,
  author    = {Steve Klabnik and Carol Nichols},
  title     = {The Rust Programming Language},
  year      = {2019},
  publisher = {No Starch Press},
  isbn      = {9781718500440},
  pagetotal = {526},
  url       = {https://doc.rust-lang.org/stable/book/title-page.html},
  urldate   = {2022-08-28}
}

@book{cpp.design.evolution.1994,
  author    = {Bjarne Stroustrup},
  title     = {The Design and Evolution of C++},
  year      = {1994},
  publisher = {Addison Wesley},
  isbn      = {0-201-54330-3},
  url       = {https://www.stroustrup.com/dne.html},
  urldate   = {2022-08-28}
}

@online{taste.of.rust.2013,
  author  = {Neil Brown},
  title   = {A Taste of Rust},
  year    = {2013},
  url     = {https://lwn.net/Articles/547145/},
  month   = {April},
  urldate = {2022-08-28}
}

@article{knuth.morris.pratt.1977,
  author  = {Donald E. Knuth and James H. Morris, Jr. and Vaughan R. Pratt},
  title   = {Fast Pattern Matching in Strings},
  journal = {SIAM Journal on Computing},
  volume  = {6},
  number  = {2},
  pages   = {323-350},
  year    = {1977},
  doi     = {10.1137/0206024},
  url     = {https://doi.org/10.1137/0206024},
  eprint  = {https://doi.org/10.1137/0206024}
}

@article{boyer.moore.1977,
  author    = {Robert S. Boyer and J. Strother Moore},
  title     = {A Fast String Searching Algorithm},
  journal   = {Communications of the ACM},
  year      = {1977},
  publisher = {Association for Computing Machinery},
  address   = {New York, NY, USA},
  volume    = {20},
  number    = {10},
  issn      = {0001-0782},
  url       = {https://doi.org/10.1145/359842.359859},
  doi       = {10.1145/359842.359859},
  pages     = {762-772},
  numpages  = {11}
}

@online{cimpanu.2020,
  author  = {Catalin Cimpanu},
  title   = {Chrome: 70\% of all security bugs are memory safety issues},
  year    = {2020},
  url     = {https://www.zdnet.com/article/chrome-70-of-all-security-bugs-are-memory-safety-issues/},
  date    = {2020-05-22},
  month   = {May},
  urldate = {2022-09-02}
}

@article{jung.jordan.krebbers.dreyer.2021,
  author     = {Ralf Jung and Jacques-Henri Jourdan and Robbert Krebbers and Derek Dreyer},
  title      = {Safe Systems Programming in Rust},
  year       = {2021},
  issue_date = {April 2021},
  publisher  = {Association for Computing Machinery},
  address    = {New York, NY, USA},
  volume     = {64},
  number     = {4},
  issn       = {0001-0782},
  url        = {https://doi.org/10.1145/3418295},
  doi        = {10.1145/3418295},
  journal    = {Commun. ACM},
  month      = {mar},
  pages      = {144-152},
  numpages   = {9}
}

@inproceedings{pereira.et.al.2017,
  author    = {Rui Pereira and Marco Couto and Francisco Ribeiro and Rui Rua and J\'{a}come Cunha and Jo\~{a}o Paulo Fernandes and Jo\~{a}o Saraiva},
  title     = {Energy Efficiency across Programming Languages: How Do Energy, Time, and Memory Relate?},
  year      = {2017},
  isbn      = {9781450355254},
  publisher = {Association for Computing Machinery},
  address   = {New York, NY, USA},
  url       = {https://doi.org/10.1145/3136014.3136031},
  doi       = {10.1145/3136014.3136031},
  booktitle = {Proceedings of the 10th ACM SIGPLAN International Conference on Software Language Engineering},
  pages     = {256-267},
  numpages  = {12},
  keywords  = {Language Benchmarking, Programming Languages, Energy Efficiency, Green Software},
  location  = {Vancouver, BC, Canada},
  series    = {SLE 2017}
}

@online{asay.2021,
  author  = {Matt Asay},
  title   = {Rust, not Firefox, is Mozilla's greatest industry contribution},
  year    = {2021},
  url     = {https://www.techrepublic.com/article/rust-not-firefox-is-mozillas-greatest-industry-contribution/},
  date    = {2021-04-12},
  month   = {April},
  urldate = {2022-09-03}
}

@book{design.patterns.1994,
  author    = {Erich Gamma and Richard Helm and Ralph Johnson and John Vlissides},
  title     = {Design Patterns: Elements of Reusable Object-Oriented Software},
  year      = {1994},
  edition   = {1st},
  publisher = {Addison-Wesley},
  isbn      = {978-0201633610},
  pagetotal = {416}
}

@article{nature.rust.2020,
  author  = {Jeffrey M. Perkel},
  title   = {Why scientists are turning to Rust},
  journal = {Nature},
  year    = {2020},
  volume  = {588},
  month   = {December},
  pages   = {185-186},
  doi     = {10.1038/d41586-020-03382-2},
  url     = {https://www.nature.com/articles/d41586-020-03382-2},
  urldate = {2022-09-03}
}

@article{rust.bio.2015,
  author  = {Johannes Köster},
  title   = {Rust-Bio: a fast and safe bioinformatics library},
  journal = {Bioinformatics},
  volume  = {32},
  number  = {3},
  pages   = {444-446},
  year    = {2015},
  month   = {10},
  issn    = {1367-4803},
  doi     = {10.1093/bioinformatics/btv573},
  url     = {https://doi.org/10.1093/bioinformatics/btv573},
  eprint  = {https://academic.oup.com/bioinformatics/article-pdf/32/3/444/19567799/btv573.pdf}
}

@book{handbook.2004,
  author = {Christian Charras and Thierry Lecroq},
  year   = {2004},
  month  = {01},
  title  = {Handbook of Exact String Matching Algorithms},
  isbn   = {978-0-9543006-4-7}
}

@article{aho.corasick.1975,
  author     = {Alfred V. Aho and Margaret J. Corasick},
  title      = {Efficient String Matching: An Aid to Bibliographic Search},
  year       = {1975},
  issue_date = {June 1975},
  publisher  = {Association for Computing Machinery},
  address    = {New York, NY, USA},
  volume     = {18},
  number     = {6},
  issn       = {0001-0782},
  url        = {https://doi.org/10.1145/360825.360855},
  doi        = {10.1145/360825.360855},
  journal    = {Commun. ACM},
  month      = {jun},
  pages      = {333–340},
  numpages   = {8}
}

@article{bhukya.2011,
  title     = {Exact multiple pattern matching algorithm using DNA sequence and pattern pair},
  author    = {Raju Bhukya and DVLN Somayajulu},
  journal   = {International Journal of Computer Applications},
  volume    = {17},
  number    = {8},
  pages     = {32-38},
  year      = {2011},
  publisher = {Citeseer}
}

@article{neamatollahi.et.al.2020,
  author  = {Peyman Neamatollahi and Montassir Hadi and Mahmoud Naghibzadeh},
  journal = {IEEE Access},
  title   = {Simple and Efficient Pattern Matching Algorithms for Biological Sequences},
  year    = {2020},
  volume  = {8},
  number  = {},
  pages   = {23838-23846},
  doi     = {10.1109/ACCESS.2020.2969038}
}

@article{saikrishna.rasool.khare.2012,
  title     = {String matching and its applications in diversified fields},
  author    = {Vidya SaiKrishna and Akhtar Rasool and Nilay Khare},
  journal   = {International Journal of Computer Science Issues (IJCSI)},
  volume    = {9},
  number    = {1},
  pages     = {219},
  year      = {2012},
  publisher = {Citeseer}
}

@article{rahate.chandak.2018,
  author  = {Pooja Manisha Rahate and M. B. Chandak},
  title   = {Comparative Study of String Matching Algorithms for DNA dataset},
  journal = {International Journal of Computer Sciences and Engineering},
  year    = {2018},
  volume  = {6},
  issue   = {5},
  month   = {May},
  pages   = {1067-1074},
  issn    = {2347-2693},
  doi     = {10.26438/ijcse/v6i5.10671074}
}

@inproceedings{cantone.faro.2003,
  author    = {Domenico Cantone and Simone Faro},
  title     = {Fast-Search: A New Efficient Variant of the Boyer-Moore String Matching Algorithm},
  booktitle = {Experimental and Efficient Algorithms},
  year      = {2003},
  publisher = {Springer Berlin Heidelberg},
  pages     = {47-58},
  isbn      = {978-3-540-44867-9}
}

@article{khan.et.al.2018,
  author     = {Kashif Nizam Khan and Mikael Hirki and Tapio Niemi and Jukka K. Nurminen and Zhonghong Ou},
  title      = {RAPL in Action: Experiences in Using RAPL for Power Measurements},
  year       = {2018},
  issue_date = {June 2018},
  publisher  = {Association for Computing Machinery},
  address    = {New York, NY, USA},
  volume     = {3},
  number     = {2},
  issn       = {2376-3639},
  url        = {https://doi.org/10.1145/3177754},
  doi        = {10.1145/3177754},
  journal    = {ACM Trans. Model. Perform. Eval. Comput. Syst.},
  month      = {mar},
  articleno  = {9},
  numpages   = {26}
}

@inproceedings{phung.lee.zomaya.2018,
  author    = {James Phung and Young Choon Lee and Albert Y. Zomaya},
  booktitle = {2018 IEEE 17th International Symposium on Network Computing and Applications (NCA)},
  title     = {Modeling System-Level Power Consumption Profiles Using RAPL},
  year      = {2018},
  volume    = {},
  number    = {},
  pages     = {1-4},
  doi       = {10.1109/NCA.2018.8548281}
}

@book{intel.sdm.2022,
  title     = {Intel\textregistered~64 and IA-32 Architectures Software Developer's Manual, Combined Volumes: 1, 2A, 2B, 2C, 2D, 3A, 3B, 3C, 3D and 4},
  year      = {2022},
  pagetotal = {4834}
}

@article{felleisen.1991,
  title     = {On the expressive power of programming languages},
  author    = {Matthias Felleisen},
  journal   = {Science of computer programming},
  volume    = {17},
  number    = {1-3},
  pages     = {35-75},
  year      = {1991},
  issn      = {0167-6423},
  doi       = {https://doi.org/10.1016/0167-6423(91)90036-W},
  url       = {https://www.sciencedirect.com/science/article/pii/016764239190036W},
  publisher = {Elsevier}
}

@inproceedings{nguyen.2007,
  title        = {A SLOC counting standard},
  author       = {Vu Nguyen and Sophia Deeds-Rubi and Thomas Tan and Barry Boehm},
  booktitle    = {Cocomo ii forum},
  volume       = {2007},
  pages        = {1-16},
  year         = {2007},
  organization = {Citeseer}
}

@article{alpernas.2020,
  title  = {The Wonderful Wizard of LoC},
  author = {Kalev Alpernas and Yotam M. Y. Feldman and Hila Peleg},
  year   = {2020}
}

@book{matsushita.1998,
  title     = {Expressive power of declarative programming languages},
  author    = {Tatsuru Matsushita},
  year      = {1998},
  publisher = {Citeseer}
}

@article{mitchell.1993,
  title   = {On abstraction and the expressive power of programming languages},
  journal = {Science of Computer Programming},
  volume  = {21},
  number  = {2},
  pages   = {141-163},
  year    = {1993},
  issn    = {0167-6423},
  doi     = {https://doi.org/10.1016/0167-6423(93)90004-9},
  url     = {https://www.sciencedirect.com/science/article/pii/0167642393900049},
  author  = {John C. Mitchell},
}

@inproceedings{bergmans.et.al.2021,
  author    = {Lodewijk Bergmans and Xander Schrijen and Edwin Ouwehand and Magiel Bruntink},
  booktitle = {2021 IEEE 21st International Working Conference on Source Code Analysis and Manipulation (SCAM)}, 
  title     = {Measuring source code conciseness across programming languages using compression}, 
  year      = {2021},
  pages     = {47-57},
  doi       = {10.1109/SCAM52516.2021.00015}
}

@article{baeza.yates.gonnet.1992,
  title     = {A new approach to text searching},
  author    = {Ricardo Baeza-Yates and Gaston H. Gonnet},
  journal   = {Communications of the ACM},
  volume    = {35},
  number    = {10},
  pages     = {74-82},
  year      = {1992},
  publisher = {ACM New York, NY, USA}
}

@inproceedings{becchi.crowley.2008,
  author    = {Michela Becchi and Patrick Crowley},
  title     = {Extending Finite Automata to Efficiently Match Perl-Compatible Regular Expressions},
  year      = {2008},
  isbn      = {9781605582108},
  publisher = {Association for Computing Machinery},
  address   = {New York, NY, USA},
  url       = {https://doi.org/10.1145/1544012.1544037},
  doi       = {10.1145/1544012.1544037},
  booktitle = {Proceedings of the 2008 ACM CoNEXT Conference},
  articleno = {25},
  numpages  = {12},
  location  = {Madrid, Spain},
  series    = {CoNEXT '08}
}
